<record><leader>00000cas a22000007a 4500</leader><controlfield tag="001">9248360</controlfield><controlfield tag="008">830223d18271829mducr ne      0    0eng  </controlfield><datafield ind1=" " ind2=" " tag="010"><subfield code="a">sn 83009645 </subfield></datafield><datafield ind1=" " ind2=" " tag="040"><subfield code="a">DLC</subfield><subfield code="b">eng</subfield><subfield code="c">DLC</subfield><subfield code="d">NPU</subfield><subfield code="d">NPX</subfield><subfield code="d">DLC</subfield><subfield code="d">MFN</subfield><subfield code="d">CNW</subfield><subfield code="d">DLC</subfield><subfield code="d">OCL</subfield><subfield code="d">OCLCQ</subfield><subfield code="d">OCLCF</subfield><subfield code="d">OCLCO</subfield></datafield><datafield ind1=" " ind2=" " tag="043"><subfield code="a">n-us-md</subfield></datafield><datafield ind1="0" ind2=" " tag="130"><subfield code="a">Marylander (Baltimore, Md. : Semiweekly)</subfield></datafield><datafield ind1="1" ind2="4" tag="245"><subfield code="a">The Marylander.</subfield></datafield><datafield ind1=" " ind2=" " tag="260"><subfield code="a">Baltimore [Md.] :</subfield><subfield code="b">Edward P. Roberts</subfield></datafield><datafield ind1=" " ind2=" " tag="300"><subfield code="a">v.</subfield></datafield><datafield ind1=" " ind2=" " tag="310"><subfield code="a">Semiweekly</subfield></datafield><datafield ind1="0" ind2=" " tag="362"><subfield code="a">Vol. 1, no. 1 (Dec. 5, 1827)-v. 2, no. 11 (Jan. 10, 1829.</subfield></datafield><datafield ind1=" " ind2=" " tag="500"><subfield code="a">Semiweekly ed. was issued to subscribers in the country; daily ed. to subscribers in the city.</subfield></datafield><datafield ind1=" " ind2=" " tag="515"><subfield code="a">Issues for Dec. 10, 1828-Jan. 10, 1829 also called: Whole no. 131-140.</subfield></datafield><datafield ind1=" " ind2="0" tag="651"><subfield code="a">Baltimore (Md.)</subfield><subfield code="v">Newspapers.</subfield></datafield><datafield ind1=" " ind2="7" tag="655"><subfield code="a">Newspapers.</subfield><subfield code="2">fast</subfield><subfield code="0">(OCoLC)fst01423814</subfield></datafield><datafield ind1=" " ind2="7" tag="651"><subfield code="a">Maryland</subfield><subfield code="z">Baltimore.</subfield><subfield code="2">fast</subfield><subfield code="0">(OCoLC)fst01204292</subfield></datafield><datafield ind1=" " ind2=" " tag="752"><subfield code="a">United States</subfield><subfield code="b">Maryland</subfield><subfield code="d">Baltimore.</subfield></datafield><datafield ind1="0" ind2=" " tag="775"><subfield code="t">Marylander (Baltimore, Md. : Daily)</subfield><subfield code="w">(DLC)sn 84038750</subfield></datafield><datafield ind1="0" ind2="7" tag="785"><subfield code="t">Commercial chronicle &amp; Baltimore advertiser (Baltimore, Md.)</subfield><subfield code="w">(DLC)sn 83009579</subfield><subfield code="w">(OCoLC)9117542</subfield></datafield><datafield ind1="0" ind2="7" tag="785"><subfield code="t">Commercial chronicle and daily Marylander (Baltimore, Md. : Daily)</subfield><subfield code="w">(DLC)sn 83009596</subfield><subfield code="w">(OCoLC)9138655</subfield></datafield></record>